@article{abiri2020variational,
  title   = {Variational auto-encoders with {S}tudent's t-prior},
  author  = {Abiri, Najmeh and Ohlsson, Mattias},
  journal = {arXiv preprint arXiv:2004.02581},
  year    = {2020}
}
@article{agrawal2020advances,
  title={Advances in black-box {VI}: Normalizing flows, importance weighting, and optimization},
  author={Agrawal, Abhinav and Sheldon, Daniel R and Domke, Justin},
  journal={Advances in Neural Information Processing Systems},
  volume={33},
  pages={17358--17369},
  year={2020}
}
@article{asar2017estimating,
  title     = {Estimating {B}ox-{C}ox power transformation parameter via goodness-of-fit tests},
  author    = {Asar, {\"O}zg{\"u}r and Ilk, Ozlem and Dag, Osman},
  journal   = {Communications in Statistics-Simulation and Computation},
  volume    = {46},
  number    = {1},
  pages     = {91--105},
  year      = {2017},
  publisher = {Taylor \& Francis}
}
@article{asmussen1996fitting,
  title={Fitting phase-type distributions via the {EM} algorithm},
  author={Asmussen, S{\o}ren and Nerman, Olle and Olsson, Marita},
  journal={Scandinavian Journal of Statistics},
  pages={419--441},
  year={1996},
  publisher={JSTOR}
}
@article{bingham2019pyro,
  title     = {Pyro: Deep universal probabilistic programming},
  author    = {Bingham, Eli and Chen, Jonathan P and Jankowiak, Martin and Obermeyer, Fritz and Pradhan, Neeraj and Karaletsos, Theofanis and Singh, Rohit and Szerlip, Paul and Horsfall, Paul and Goodman, Noah D},
  journal   = {The Journal of Machine Learning Research},
  volume    = {20},
  number    = {1},
  pages     = {973--978},
  year      = {2019},
  publisher = {JMLR.org}
}
@article{boenninghoff2020variational,
  title   = {Variational Autoencoder with Embedded {S}tudent-$ t $ Mixture Model for Authorship Attribution},
  author  = {Boenninghoff, Benedikt and Zeiler, Steffen and Nickel, Robert M and Kolossa, Dorothea},
  journal = {arXiv preprint arXiv:2005.13930},
  year    = {2020}
}
@article{box1964analysis,
  title     = {An analysis of transformations},
  author    = {Box, George EP and Cox, David R},
  journal   = {Journal of the Royal Statistical Society: Series B (Methodological)},
  volume    = {26},
  number    = {2},
  pages     = {211--243},
  year      = {1964},
  publisher = {Wiley Online Library}
}
@article{cao2019coupled,
  title={Coupled {VAE}: Improved accuracy and robustness of a variational autoencoder},
  author={Cao, Shichen and Li, Jingjing and Nelson, Kenric P and Kon, Mark A},
  journal={Entropy},
  volume={24},
  number={3},
  pages={423},
  year={2022},
  publisher={MDPI}
}
@article{carpenter2017stan,
  title={Stan: A probabilistic programming language},
  author={Carpenter, Bob and Gelman, Andrew and Hoffman, Matthew D and Lee, Daniel and Goodrich, Ben and Betancourt, Michael and Brubaker, Marcus and Guo, Jiqiang and Li, Peter and Riddell, Allen},
  journal={Journal of Statistical Software},
  volume={76},
  number={1},
  year={2017},
  publisher={Columbia Univ., New York, NY (United States); Harvard Univ., Cambridge, MA~â€¦}
}
@article{chen2019residual,
  title={Residual flows for invertible generative modeling},
  author={Chen, Ricky TQ and Behrmann, Jens and Duvenaud, David K and Jacobsen, J{\"o}rn-Henrik},
  journal={Advances in Neural Information Processing Systems},
  volume={32},
    pages     = {9913--9923},
  year={2019}
}
@article{chen2020use,
  title   = {Use of {S}tudent's t-Distribution for the Latent Layer in a Coupled Variational Autoencoder},
  author  = {Chen, Kevin R and Svoboda, Daniel and Nelson, Kenric P},
  journal = {arXiv preprint arXiv:2011.10879},
  year    = {2020}
}
@article{de2017programming,
  title     = {Programming with models: writing statistical algorithms for general model structures with NIMBLE},
  author    = {de Valpine, Perry and Turek, Daniel and Paciorek, Christopher J and Anderson-Bergman, Clifford and Lang, Duncan Temple and Bodik, Rastislav},
  journal   = {Journal of Computational and Graphical Statistics},
  volume    = {26},
  number    = {2},
  pages     = {403--413},
  year      = {2017},
  publisher = {Taylor \& Francis}
}
@article{ding2011t,
  title   = {t-divergence based approximate inference},
  author  = {Ding, Nan and Qi, Yuan and Vishwanathan, Svn},
  journal = {Advances in Neural Information Processing Systems},
  volume  = {24},
  pages   = {1494--1502},
  year    = {2011}
}
@inproceedings{dinh2014nice,
  title={{NICE}: non-linear independent components estimation},
  author={Dinh, L and Krueger, D and Bengio, Y},
  booktitle={3rd International Conference on Learning Representations, Workshop Track Proceedings},
  year={2015}
}
@inproceedings{dinh2016density,
  author    = {Dinh, Laurent and
               Sohl{-}Dickstein, Jascha  and
               Bengio, Samy},
  title     = {Density estimation using Real {NVP}},
  booktitle = {5th International Conference on Learning Representations},
  year      = {2017},
}
@article{durkan2019neural,
  title={Neural spline flows},
  author={Durkan, Conor and Bekasov, Artur and Murray, Iain and Papamakarios, George},
  journal={Advances in Neural Information Processing Systems},
  volume={32},
    pages     = {7509--7520},
  year={2019}
}
@article{futami2017expectation,
  title     = {Expectation propagation for t-exponential family using q-algebra},
  author    = {Futami, Futoshi and Sato, Issei and Sugiyama, Masashi},
  journal   = {Advances in Neural Information Processing Systems},
  volume={30},
  pages     = {2245--2254},
  year      = {2017}
}
@book{gelman2006data,
  title     = {Data analysis using regression and multilevel/hierarchical models},
  author    = {Gelman, Andrew and Hill, Jennifer},
  year      = {2006},
  publisher = {Cambridge university press}
}
@article{gelman2006prior,
  title     = {Prior distributions for variance parameters in hierarchical models (comment on article by Browne and Draper)},
  author    = {Gelman, Andrew and others},
  journal   = {Bayesian analysis},
  volume    = {1},
  number    = {3},
  pages     = {515--534},
  year      = {2006},
  publisher = {International Society for Bayesian Analysis}
}
@article{gupta2003multivariate,
  title     = {Multivariate skew t-distribution},
  author    = {Gupta, AK},
  journal   = {Statistics: A Journal of Theoretical and Applied Statistics},
  volume    = {37},
  number    = {4},
  pages     = {359--363},
  year      = {2003},
  publisher = {Taylor \& Francis}
}
@article{hill1975simple,
  title     = {A simple general approach to inference about the tail of a distribution},
  author    = {Hill, Bruce M},
  journal   = {The annals of statistics},
  pages     = {1163--1174},
  year      = {1975},
  publisher = {JSTOR}
}
@inproceedings{huang2018neural,
  title        = {Neural autoregressive flows},
  author       = {Huang, Chin-Wei and Krueger, David and Lacoste, Alexandre and Courville, Aaron},
  booktitle    = {International Conference on Machine Learning},
  pages        = {2078--2087},
  year         = {2018},
  organization = {PMLR}
}
@inproceedings{jaini2020tails,
  title        = {Tails of {L}ipschitz Triangular Flows},
  author       = {Jaini, Priyank and Kobyzev, Ivan and Yu, Yaoliang and Brubaker, Marcus},
  booktitle    = {International Conference on Machine Learning},
  pages        = {4673--4681},
  year         = {2020},
  organization = {PMLR}
}
@article{kingma2016improved,
  author    = {Diederik P. Kingma and
               Tim Salimans and
               Rafal J{\'{o}}zefowicz and
               Xi Chen and
               Ilya Sutskever and
               Max Welling},
  title     = {Improving Variational Autoencoders with Inverse Autoregressive Flow},
  journal   = {Advances in Neural Information Processing Systems},
  volume = {29},
  pages     = {4736--4744},
  year      = {2016},
  timestamp = {Mon, 16 May 2022 15:41:51 +0200},
  biburl    = {https://dblp.org/rec/conf/nips/KingmaSJCCSW16.bib},
  bibsource = {dblp computer science bibliography, https://dblp.org}
}
@article{kingma2018glow,
  author    = {Diederik Kingma and Prafulla Dhariwal},
  title     = {Glow: Generative Flow with Invertible 1x1 Convolutions},
  journal   = {Advances in Neural Information Processing Systems},
  volume    = {31},
  pages     = {10236--10245},
  year      = {2018},
  timestamp = {Mon, 16 May 2022 15:41:51 +0200},
  biburl    = {https://dblp.org/rec/conf/nips/KingmaD18.bib},
  bibsource = {dblp computer science bibliography, https://dblp.org}
}
@article{kucukelbir2017automatic,
  title     = {Automatic differentiation variational inference},
  author    = {Kucukelbir, Alp and Tran, Dustin and Ranganath, Rajesh and Gelman, Andrew and Blei, David M},
  journal   = {The Journal of Machine Learning Research},
  volume    = {18},
  number    = {1},
  pages     = {430--474},
  year      = {2017},
  publisher = {JMLR. org}
}
@book{ledoux2001concentration,
  title={The concentration of measure phenomenon},
  author={Ledoux, Michel},
  series={Mathematical surveys and monographs},
  number={89},
  year={2001},
  publisher={American Mathematical Soc.}
}
@inproceedings{mathieu2019disentangling,
  title        = {Disentangling disentanglement in variational autoencoders},
  author       = {Mathieu, Emile and Rainforth, Tom and Siddharth, N and Teh, Yee Whye},
  booktitle    = {International Conference on Machine Learning},
  pages        = {4402--4412},
  year         = {2019},
  organization = {PMLR}
}
@article{papamakarios2017masked,
  title     = {Masked autoregressive flow for density estimation},
  author    = {George Papamakarios and Theo Pavlakou and Iain Murray},
  journal   = {Advances in Neural Information Processing Systems},
  volume = {30},
  pages     = {2338--2347},
  year      = {2017}
}
@article{patil2010pymc,
  title     = {{PyMC}: Bayesian stochastic modelling in Python},
  author    = {Patil, Anand and Huard, David and Fonnesbeck, Christopher J},
  journal   = {Journal of Statistical Software},
  volume    = {35},
  number    = {4},
  pages     = {1},
  year      = {2010},
  publisher = {Europe PMC Funders}
}
@article{pickands1975statistical,
  title     = {Statistical inference using extreme order statistics},
  author    = {Pickands III, James and others},
  journal   = {the Annals of Statistics},
  volume    = {3},
  number    = {1},
  pages     = {119--131},
  year      = {1975},
  publisher = {Institute of Mathematical Statistics}
}
@inproceedings{plummer2003jags,
  title        = {JAGS: A program for analysis of Bayesian graphical models using Gibbs sampling},
  author       = {Plummer, Martyn and others},
  booktitle    = {Proceedings of the 3rd international workshop on distributed statistical computing},
  volume       = {124},
  number       = {125.10},
  pages        = {1--10},
  year         = {2003},
  organization = {Vienna, Austria.}
}
@book{resnick2007heavy,
  title     = {Heavy-tail phenomena: probabilistic and statistical modeling},
  author    = {Resnick, Sidney I},
  year      = {2007},
  publisher = {Springer Science \& Business Media}
}
@article{buraczewski2016stochastic,
  title={Stochastic models with power-law tails},
  author={Buraczewski, Dariusz and Damek, Ewa and Mikosch, Thomas},
  journal={Springer Ser. Oper. Res. Financ. Eng., Springer, Cham},
  volume={10},
  pages={978--3},
  year={2016},
  publisher={Springer}
}
@article{silnova2018fast,
  title   = {Fast Variational Bayes for Heavy-tailed PLDA Applied to i-vectors and x-vectors},
  author  = {Silnova, Anna and Brummer, Niko and Garcia-Romero, Daniel and Snyder, David and Burget, Lukas},
  journal = {arXiv preprint arXiv:1803.09153},
  year    = {2018}
}
@article{sohn2015learning,
  title   = {Learning structured output representation using deep conditional generative models},
  author  = {Sohn, Kihyuk and Lee, Honglak and Yan, Xinchen},
  journal = {Advances in Neural Information Processing Systems},
  volume  = {28},
  pages   = {3483--3491},
  year    = {2015}
}
@inproceedings{song2017nice,
  title     = {A-nice-mc: Adversarial training for mcmc},
  author    = {Song, Jiaming and Zhao, Shengjia and Ermon, Stefano},
  booktitle = {Advances in Neural Information Processing Systems},
  pages     = {5140--5150},
  year      = {2017}
}
@article{tipping2005variational,
  title     = {Variational inference for {Student-t} models: Robust {Bayesian} interpolation and generalised component analysis},
  author    = {Tipping, Michael E and Lawrence, Neil D},
  journal   = {Neurocomputing},
  volume    = {69},
  number    = {1-3},
  pages     = {123--141},
  year      = {2005},
  publisher = {Elsevier}
}
@book{wainwright2019high,
  title     = {High-dimensional statistics: A non-asymptotic viewpoint},
  author    = {Wainwright, Martin J},
  volume    = {48},
  year      = {2019},
  publisher = {Cambridge University Press}
}
@article{wang2018variational,
  title   = {Variational inference with tail-adaptive f-divergence},
  author  = {Wang, Dilin and Liu, Hao and Liu, Qiang},
  journal = {Advances in Neural Information Processing Systems},
  volume  = {31},
  pages   = {5737--5747},
  year    = {2018}
}
@article{webb2019improving,
  title   = {Improving Automated Variational Inference with Normalizing Flows},
  author  = {Webb, Stefan and Chen, J.P. and Jankowiak, Martin and Goodman, Noah},
  journal = {6th ICML Workshop on Automated Machine Learning (AutoML)},
  year    = {2019}
}
@article{huszar2017variational,
  title={Variational inference using implicit distributions},
  author={Husz{\'a}r, Ferenc},
  journal={arXiv preprint arXiv:1702.08235},
  year={2017}
}
@inproceedings{ranganath2014black,
  title={Black box variational inference},
  author={Ranganath, Rajesh and Gerrish, Sean and Blei, David},
  booktitle={International Conference on Artificial Intelligence and Statistics},
  pages={814--822},
  year={2014},
  organization={PMLR}
}

@inproceedings{grathwohl2018ffjord,
  author    = {Will Grathwohl and
               Ricky T. Q. Chen and
               Jesse Bettencourt and
               Ilya Sutskever and
               David Duvenaud},
  title     = {{FFJORD:} Free-Form Continuous Dynamics for Scalable Reversible Generative
               Models},
  booktitle = {International Conference on Learning Representations},
  year      = {2019}
}
@inproceedings{jaini2019sum,
  title={Sum-of-squares polynomial flow},
  author={Jaini, Priyank and Selby, Kira A and Yu, Yaoliang},
  booktitle={International Conference on Machine Learning},
  pages={3009--3018},
  year={2019},
  organization={PMLR}
}
@article{papamakarios2021normalizing,
  title={Normalizing flows for probabilistic modeling and inference},
  author={Papamakarios, George and Nalisnick, Eric and Rezende, Danilo Jimenez and Mohamed, Shakir and Lakshminarayanan, Balaji},
  journal={Journal of Machine Learning Research},
  volume={22},
  number={57},
  pages={1--64},
  year={2021}
}
@article{li2016variational,
  title={R{\'e}nyi divergence variational inference},
  author={Li, Yingzhen and Turner, Richard E},
  journal={Advances in Neural Information Processing Systems},
  volume={29},
  pages={1073--1081},
  year={2016}
}
@article{wingate2013automated,
  title={Automated variational inference in probabilistic programming},
  author={Wingate, David and Weber, Theophane},
  journal={arXiv preprint arXiv:1301.1299},
  year={2013}
}
@article{wehenkel2019unconstrained,
  title={Unconstrained monotonic neural networks},
  author={Wehenkel, Antoine and Louppe, Gilles},
  journal={Advances in Neural Information Processing Systems},
  volume={32},
  pages={1543--1553},
  year={2019}
}
@inproceedings{tehrani2020bean,
  title={Bean machine: A declarative probabilistic programming language for efficient programmable inference},
  author={Tehrani, Nazanin and Arora, Nimar S and Li, Yucen Lily and Shah, Kinjal Divesh and Noursi, David and Tingley, Michael and Torabi, Narjes and Lippert, Eric and Meijer, Erik and others},
  booktitle={International Conference on Probabilistic Graphical Models},
  year={2020},
  organization={PMLR}
}
@article{rubin1981estimation,
  title={Estimation in parallel randomized experiments},
  author={Rubin, Donald B},
  journal={Journal of Educational Statistics},
  volume={6},
  number={4},
  pages={377--401},
  year={1981},
  publisher={Sage Publications Sage CA: Thousand Oaks, CA}
}
@book{gelman2013bayesian,
  title={Bayesian data analysis},
  author={Gelman, Andrew and Carlin, John B and Stern, Hal S and Dunson, David B and Vehtari, Aki and Rubin, Donald B},
  year={2013},
  publisher={CRC press}
}
@article{hoffman2014no,
  title={The No-U-Turn sampler: adaptively setting path lengths in {Hamiltonian} Monte Carlo.},
  author={Hoffman, Matthew D and Gelman, Andrew},
  journal   = {The Journal of Machine Learning Research},
  volume={15},
  number={1},
  pages={1593--1623},
  year={2014}
}
@inproceedings{wehenkel2021graphical,
  title={Graphical normalizing flows},
  author={Wehenkel, Antoine and Louppe, Gilles},
  booktitle={International Conference on Artificial Intelligence and Statistics},
  pages={37--45},
  year={2021},
  organization={PMLR}
}
@inproceedings{rezende2015variational,
  title={Variational inference with normalizing flows},
  author={Rezende, Danilo and Mohamed, Shakir},
  booktitle={International Conference on Machine Learning},
  pages={1530--1538},
  year={2015},
  organization={PMLR}
}
@article{wickham2011ggplot2,
  title={ggplot2},
  author={Wickham, Hadley},
  journal={Wiley Interdisciplinary Reviews: Computational Statistics},
  volume={3},
  number={2},
  pages={180--185},
  year={2011},
  publisher={Wiley Online Library}
}
@misc{ghposteriordb,
    author       = {{The Stan Developers}},
    title        = {{posteriordb: a database of Bayesian posterior inference}},
    year         = 2021,
    publisher    = {Github},
    journal = {Github repository},
    howpublished = {\url{https://github.com/stan-dev/posteriordb}},
    commit = {7e52000fa80ca206297b350042d590761e3c8171}
}
@misc{ghlic,
    author       = {Liang, Feynman},
    title        = {{Lightweight Inference Compilation}},
    year         = 2021,
    publisher    = {Github},
    journal = {Github repository},
    howpublished = {\url{https://github.com/feynmanliang/lightweight-inference-compilation}},
    commit = {f7a052f5f53b7c7763f0445785c3ef2adf32718a}
}
@misc{flowtorchai,
    author={{FlowTorch Development Team}},
    title={{Flowtorch}},
    year = 2021,
    url={https://flowtorch.ai/},
    note = "[Online; accessed 15-May-2021]"
} 
@misc{cms,
author = "{Centers for Medicare and Medicaid Services}",
title = "{CMS} 2008-2010 Data Entrepreneursâ€™ Synthetic Public Use File ({DE-SynPUF})",
year = "2010",
url = "https://www.cms.gov/Research-Statistics-Data-and-Systems/Downloadable-Public-Use-Files/SynPUFs/DE_Syn_PUF",
note = "[Online; accessed 10-March-2020]"
}
 @article{fama2015five,
  title={A five-factor asset pricing model},
  author={Fama, Eugene F and French, Kenneth R},
  journal={Journal of Financial Economics},
  volume={116},
  number={1},
  pages={1--22},
  year={2015},
  publisher={Elsevier}
}
@inproceedings{he2015delving,
  title={Delving deep into rectifiers: Surpassing human-level performance on imagenet classification},
  author={He, Kaiming and Zhang, Xiangyu and Ren, Shaoqing and Sun, Jian},
  booktitle={Proceedings of the IEEE international conference on computer vision},
  pages={1026--1034},
  year={2015}
}