@article{arora2020newtonian,
  title   = {Newtonian Monte Carlo: single-site MCMC meets second-order gradient methods},
  author  = {Arora, Nimar S and Tehrani, Nazanin Khosravani and Shah, Kinjal Divesh and Tingley, Michael and Li, Yucen Lily and Torabi, Narjes and Noursi, David and Masouleh, Sepehr Akhavan and Lippert, Eric and Meijer, Erik},
  journal = {arXiv preprint arXiv:2001.05567},
  year    = {2020}
}
@article{girolami2011riemann,
  title     = {Riemann manifold langevin and hamiltonian monte carlo methods},
  author    = {Girolami, Mark and Calderhead, Ben},
  journal   = {Journal of the Royal Statistical Society: Series B (Statistical Methodology)},
  volume    = {73},
  number    = {2},
  pages     = {123--214},
  year      = {2011},
  publisher = {Wiley Online Library}
}
@article{robert1996exponential,
  title   = {Exponential convergence of Langevin diffusions and their discrete approximation},
  author  = {Robert, G and Tweedie, R},
  journal = {Bernoulli},
  volume  = {2},
  pages   = {341--363},
  year    = {1996}
}
@article{roberts2002langevin,
  title     = {Langevin diffusions and Metropolis-Hastings algorithms},
  author    = {Roberts, Gareth O and Stramer, Osnat},
  journal   = {Methodology and computing in applied probability},
  volume    = {4},
  number    = {4},
  pages     = {337--357},
  year      = {2002},
  publisher = {Springer}
}
@article{tehranibean,
  title  = {Bean Machine: A Declarative Probabilistic Programming Language For Efficient Programmable Inference},
  author = {Tehrani, Nazanin and Arora, Nimar S and Li, Yucen Lily and Shah, Kinjal Divesh and Noursi, David and Tingley, Michael and Torabi, Narjes and Masouleh, Sepehr and Lippert, Eric and Meijer, Erik},
  year   = {2020}
}
@article
@article{gijbels2020multivariate,
  title={Multivariate tail coefficients: Properties and estimation},
  author={Gijbels, Ir{\`e}ne and Kika, Vojt{\v{e}}ch and Omelka, Marek},
  journal={Entropy},
  volume={22},
  number={7},
  pages={728},
  year={2020},
  publisher={Multidisciplinary Digital Publishing Institute}
}