@article{arora2020newtonian,
  title   = {Newtonian Monte Carlo: single-site MCMC meets second-order gradient methods},
  author  = {Arora, Nimar S and Tehrani, Nazanin Khosravani and Shah, Kinjal Divesh and Tingley, Michael and Li, Yucen Lily and Torabi, Narjes and Noursi, David and Masouleh, Sepehr Akhavan and Lippert, Eric and Meijer, Erik},
  journal = {arXiv preprint arXiv:2001.05567},
  year    = {2020}
}
@article{bingham2019pyro,
  title     = {Pyro: Deep universal probabilistic programming},
  author    = {Bingham, Eli and Chen, Jonathan P and Jankowiak, Martin and Obermeyer, Fritz and Pradhan, Neeraj and Karaletsos, Theofanis and Singh, Rohit and Szerlip, Paul and Horsfall, Paul and Goodman, Noah D},
  journal   = {The Journal of Machine Learning Research},
  volume    = {20},
  number    = {1},
  pages     = {973--978},
  year      = {2019},
  publisher = {JMLR. org}
}
@article{bruna2013spectral,
  title   = {Spectral networks and locally connected networks on graphs},
  author  = {Bruna, Joan and Zaremba, Wojciech and Szlam, Arthur and LeCun, Yann},
  journal = {arXiv preprint arXiv:1312.6203},
  year    = {2013}
}
@article{burda2015importance,
  title   = {Importance weighted autoencoders},
  author  = {Burda, Yuri and Grosse, Roger and Salakhutdinov, Ruslan},
  journal = {arXiv preprint arXiv:1509.00519},
  year    = {2015}
}
@article{carpenter2017stan,
  title     = {Stan: A probabilistic programming language},
  author    = {Carpenter, Bob and Gelman, Andrew and Hoffman, Matthew D and Lee, Daniel and Goodrich, Ben and Betancourt, Michael and Brubaker, Marcus and Guo, Jiqiang and Li, Peter and Riddell, Allen},
  journal   = {Journal of statistical software},
  volume    = {76},
  number    = {1},
  year      = {2017},
  publisher = {Columbia Univ., New York, NY (United States); Harvard Univ., Cambridge, MA~â€¦}
}
@inproceedings{cusumano2019gen,
  title     = {Gen: a general-purpose probabilistic programming system with programmable inference},
  author    = {Cusumano-Towner, Marco F and Saad, Feras A and Lew, Alexander K and Mansinghka, Vikash K},
  booktitle = {Proceedings of the 40th ACM SIGPLAN Conference on Programming Language Design and Implementation},
  pages     = {221--236},
  year      = {2019}
}
@inproceedings{dai2016discriminative,
  title     = {Discriminative embeddings of latent variable models for structured data},
  author    = {Dai, Hanjun and Dai, Bo and Song, Le},
  booktitle = {International conference on machine learning},
  pages     = {2702--2711},
  year      = {2016}
}
@article{garthwaite2016adaptive,
  title     = {Adaptive optimal scaling of Metropolis--Hastings algorithms using the Robbins--Monro process},
  author    = {Garthwaite, Paul H and Fan, Yanan and Sisson, Scott A},
  journal   = {Communications in Statistics-Theory and Methods},
  volume    = {45},
  number    = {17},
  pages     = {5098--5111},
  year      = {2016},
  publisher = {Taylor \& Francis}
}
@inproceedings{gershman2014amortized,
  title     = {Amortized inference in probabilistic reasoning},
  author    = {Gershman, Samuel and Goodman, Noah},
  booktitle = {Proceedings of the annual meeting of the cognitive science society},
  volume    = {36},
  number    = {36},
  year      = {2014}
}
@article{geyer2011introduction,
  title     = {Introduction to markov chain monte carlo},
  author    = {Geyer, Charles},
  journal   = {Handbook of markov chain monte carlo},
  volume    = {20116022},
  pages     = {45},
  year      = {2011},
  publisher = {Boca Raton}
}
@article{ghahramani2015probabilistic,
  title     = {Probabilistic machine learning and artificial intelligence},
  author    = {Ghahramani, Zoubin},
  journal   = {Nature},
  volume    = {521},
  number    = {7553},
  pages     = {452--459},
  year      = {2015},
  publisher = {Nature Publishing Group}
}
@article{goodman2013principles,
  title     = {The principles and practice of probabilistic programming},
  author    = {Goodman, Noah D},
  journal   = {ACM SIGPLAN Notices},
  volume    = {48},
  number    = {1},
  pages     = {399--402},
  year      = {2013},
  publisher = {ACM New York, NY, USA}
}
@article{gorinova2020conditional,
  title   = {Conditional independence by typing},
  author  = {Gorinova, Maria I and Gordon, Andrew D and Sutton, Charles and Vakar, Matthijs},
  journal = {arXiv preprint arXiv:2010.11887},
  year    = {2020}
}
@article{harvey2019attention,
  title   = {Attention for Inference Compilation},
  author  = {Harvey, William and Munk, Andreas and Baydin, At{\i}l{\i}m G{\"u}ne{\c{s}} and Bergholm, Alexander and Wood, Frank},
  journal = {arXiv preprint arXiv:1910.11961},
  year    = {2019}
}
@article{hastings1970monte,
  title     = {Monte Carlo sampling methods using Markov chains and their applications},
  author    = {Hastings, W Keith},
  year      = {1970},
  publisher = {Oxford University Press}
}
@article{hochreiter1998vanishing,
  title     = {The vanishing gradient problem during learning recurrent neural nets and problem solutions},
  author    = {Hochreiter, Sepp},
  journal   = {International Journal of Uncertainty, Fuzziness and Knowledge-Based Systems},
  volume    = {6},
  number    = {02},
  pages     = {107--116},
  year      = {1998},
  publisher = {World Scientific}
}
@article{hoffman2014no,
  title   = {The No-U-Turn sampler: adaptively setting path lengths in Hamiltonian Monte Carlo.},
  author  = {Hoffman, Matthew D and Gelman, Andrew},
  journal = {J. Mach. Learn. Res.},
  volume  = {15},
  number  = {1},
  pages   = {1593--1623},
  year    = {2014}
}
@inproceedings{kingma2014semi,
  title     = {Semi-supervised learning with deep generative models},
  author    = {Kingma, Durk P and Mohamed, Shakir and Rezende, Danilo Jimenez and Welling, Max},
  booktitle = {Advances in neural information processing systems},
  pages     = {3581--3589},
  year      = {2014}
}
@inproceedings{kingma2016improved,
  title     = {Improved variational inference with inverse autoregressive flow},
  author    = {Kingma, Durk P and Salimans, Tim and Jozefowicz, Rafal and Chen, Xi and Sutskever, Ilya and Welling, Max},
  booktitle = {Advances in neural information processing systems},
  pages     = {4743--4751},
  year      = {2016}
}
@article{kipf2016semi,
  title   = {Semi-supervised classification with graph convolutional networks},
  author  = {Kipf, Thomas N and Welling, Max},
  journal = {arXiv preprint arXiv:1609.02907},
  year    = {2016}
}
@inproceedings{le2017inference,
  title        = {Inference compilation and universal probabilistic programming},
  author       = {Le, Tuan Anh and Baydin, Atilim Gunes and Wood, Frank},
  booktitle    = {Artificial Intelligence and Statistics},
  pages        = {1338--1348},
  year         = {2017},
  organization = {PMLR}
}
@article{lunn2000winbugs,
  title     = {WinBUGS-a Bayesian modelling framework: concepts, structure, and extensibility},
  author    = {Lunn, David J and Thomas, Andrew and Best, Nicky and Spiegelhalter, David},
  journal   = {Statistics and computing},
  volume    = {10},
  number    = {4},
  pages     = {325--337},
  year      = {2000},
  publisher = {Springer}
}
@article{mansinghka2014venture,
  title   = {Venture: a higher-order probabilistic programming platform with programmable inference},
  author  = {Mansinghka, Vikash and Selsam, Daniel and Perov, Yura},
  journal = {arXiv preprint arXiv:1404.0099},
  year    = {2014}
}
@article{marino2018iterative,
  title   = {Iterative amortized inference},
  author  = {Marino, Joseph and Yue, Yisong and Mandt, Stephan},
  journal = {arXiv preprint arXiv:1807.09356},
  year    = {2018}
}
@article{milch20071,
  title   = {1 blog: Probabilistic models with unknown objects},
  author  = {Milch, Brian and Marthi, Bhaskara and Russell, Stuart and Sontag, David and Ong, Daniel L and Kolobov, Andrey},
  journal = {Statistical relational learning},
  pages   = {373},
  year    = {2007}
}
@article{munk2019deep,
  title   = {Deep probabilistic surrogate networks for universal simulator approximation},
  author  = {Munk, Andreas and {\'S}cibior, Adam and Baydin, At{\i}l{\i}m G{\"u}ne{\c{s}} and Stewart, Andrew and Fernlund, Goran and Poursartip, Anoush and Wood, Frank},
  journal = {arXiv preprint arXiv:1910.11950},
  year    = {2019}
} 
@inproceedings{murray2010elliptical,
  title     = {Elliptical slice sampling},
  author    = {Murray, Iain and Adams, Ryan and MacKay, David},
  booktitle = {Proceedings of the thirteenth international conference on artificial intelligence and statistics},
  pages     = {541--548},
  year      = {2010}
}
@inproceedings{paige2016inference,
  title     = {Inference networks for sequential Monte Carlo in graphical models},
  author    = {Paige, Brooks and Wood, Frank},
  booktitle = {International Conference on Machine Learning},
  pages     = {3040--3049},
  year      = {2016}
}
@inproceedings{papamakarios2017masked,
  title     = {Masked autoregressive flow for density estimation},
  author    = {Papamakarios, George and Pavlakou, Theo and Murray, Iain},
  booktitle = {Advances in Neural Information Processing Systems},
  pages     = {2338--2347},
  year      = {2017}
}
@article{paszke2017automatic,
  title  = {Automatic differentiation in pytorch},
  author = {Paszke, Adam and Gross, Sam and Chintala, Soumith and Chanan, Gregory and Yang, Edward and DeVito, Zachary and Lin, Zeming and Desmaison, Alban and Antiga, Luca and Lerer, Adam},
  year   = {2017}
}
@article{pearl1987evidential,
  title     = {Evidential reasoning using stochastic simulation of causal models},
  author    = {Pearl, Judea},
  journal   = {Artificial Intelligence},
  volume    = {32},
  number    = {2},
  pages     = {245--257},
  year      = {1987},
  publisher = {Elsevier}
}
@inproceedings{plummer2003jags,
  title        = {JAGS: A program for analysis of Bayesian graphical models using Gibbs sampling},
  author       = {Plummer, Martyn and others},
  booktitle    = {Proceedings of the 3rd international workshop on distributed statistical computing},
  volume       = {124},
  number       = {125.10},
  pages        = {1--10},
  year         = {2003},
  organization = {Vienna, Austria}
}
@inproceedings{porteous2008fast,
  title     = {Fast collapsed gibbs sampling for latent dirichlet allocation},
  author    = {Porteous, Ian and Newman, David and Ihler, Alexander and Asuncion, Arthur and Smyth, Padhraic and Welling, Max},
  booktitle = {Proceedings of the 14th ACM SIGKDD international conference on Knowledge discovery and data mining},
  pages     = {569--577},
  year      = {2008}
}
@misc{pyprob2020,
  author       = {PyProb},
  title        = {PyProb},
  year         = {2020},
  publisher    = {GitHub},
  journal      = {GitHub repository},
  howpublished = {\url{https://github.com/pyprob/pyprob}},
  commit       = {72190ef3f09326dfd85490b21e711d2c937e3e11}
}
@inproceedings{ritchie2016c3,
  title     = {C3: Lightweight incrementalized MCMC for probabilistic programs using continuations and callsite caching},
  author    = {Ritchie, Daniel and Stuhlm{\"u}ller, Andreas and Goodman, Noah},
  booktitle = {Artificial Intelligence and Statistics},
  pages     = {28--37},
  year      = {2016}
}
@article{ritchie2016deep,
  title   = {Deep amortized inference for probabilistic programs},
  author  = {Ritchie, Daniel and Horsfall, Paul and Goodman, Noah D},
  journal = {arXiv preprint arXiv:1610.05735},
  year    = {2016}
}
@article{rubin1981estimation,
  title     = {Estimation in parallel randomized experiments},
  author    = {Rubin, Donald B},
  journal   = {Journal of Educational Statistics},
  volume    = {6},
  number    = {4},
  pages     = {377--401},
  year      = {1981},
  publisher = {Sage Publications Sage CA: Thousand Oaks, CA}
}
@article{scarselli2008graph,
  title     = {The graph neural network model},
  author    = {Scarselli, Franco and Gori, Marco and Tsoi, Ah Chung and Hagenbuchner, Markus and Monfardini, Gabriele},
  journal   = {IEEE Transactions on Neural Networks},
  volume    = {20},
  number    = {1},
  pages     = {61--80},
  year      = {2008},
  publisher = {IEEE}
}
@article{sutton2001bayesian,
  title     = {Bayesian methods in meta-analysis and evidence synthesis},
  author    = {Sutton, Alex J and Abrams, Keith R},
  journal   = {Statistical methods in medical research},
  volume    = {10},
  number    = {4},
  pages     = {277--303},
  year      = {2001},
  publisher = {Sage Publications Sage CA: Thousand Oaks, CA}
}
@inproceedings{tehrani2020beanmachine,
  title     = {Bean Machine: A Declarative Probabilistic Programming Language For Efficient Programmable Inference},
  author    = {Tehrani, Nazanin and Arora, Nimar S and Li, Yucen Lily and Shah, Kinjal Divesh and Noursi, David and Tingley, Michael and Torabi, Narjes and Masouleh, Sepehr and Lippert, Eric and Meijer, Erik and et al.},
  booktitle = {The 10th International Conference on Probabilistic Graphical Models},
  year      = {2020}
}
@article{vehtari2020rank,
  title     = {Rank-normalization, folding, and localization: An improved {$\widehat{R}$} for assessing convergence of MCMC},
  author    = {Vehtari, Aki and Gelman, Andrew and Simpson, Daniel and Carpenter, Bob and B{\"u}rkner, Paul-Christian and others},
  journal   = {Bayesian Analysis},
  year      = {2020},
  publisher = {International Society for Bayesian Analysis}
}
@article{wang2017meta,
  title   = {Meta-learning MCMC proposals},
  author  = {Wang, Tongzhou and Wu, Yi and Moore, David A and Russell, Stuart J},
  journal = {arXiv preprint arXiv:1708.06040},
  year    = {2017}
}
@inproceedings{webb2018faithful,
  title     = {Faithful inversion of generative models for effective amortized inference},
  author    = {Webb, Stefan and Golinski, Adam and Zinkov, Rob and Siddharth, N and Rainforth, Tom and Teh, Yee Whye and Wood, Frank},
  booktitle = {Advances in Neural Information Processing Systems},
  pages     = {3070--3080},
  year      = {2018}
}
@article{weilbach2019efficient,
  title  = {Efficient Inference Amortization in Graphical Models using Structured Continuous Conditional Normalizing Flows},
  author = {Weilbach, Christian and Beronov, Boyan and Harvey, William and Wood, Frank},
  year   = {2019}
}
@inproceedings{wingate2011lightweight,
  title     = {Lightweight implementations of probabilistic programming languages via transformational compilation},
  author    = {Wingate, David and Stuhlm{\"u}ller, Andreas and Goodman, Noah},
  booktitle = {Proceedings of the Fourteenth International Conference on Artificial Intelligence and Statistics},
  pages     = {770--778},
  year      = {2011}
}
@inproceedings{wood2014new,
  title     = {A new approach to probabilistic programming inference},
  author    = {Wood, Frank and Meent, Jan Willem and Mansinghka, Vikash},
  booktitle = {Artificial Intelligence and Statistics},
  pages     = {1024--1032},
  year      = {2014}
}
@article{zaheer2017deep,
  title   = {Deep sets},
  author  = {Zaheer, Manzil and Kottur, Satwik and Ravanbakhsh, Siamak and Poczos, Barnabas and Salakhutdinov, Ruslan and Smola, Alexander},
  journal = {arXiv preprint arXiv:1703.06114},
  year    = {2017}
}
@article{zhang2018advances,
  title     = {Advances in variational inference},
  author    = {Zhang, Cheng and B{\"u}tepage, Judith and Kjellstr{\"o}m, Hedvig and Mandt, Stephan},
  journal   = {IEEE transactions on pattern analysis and machine intelligence},
  volume    = {41},
  number    = {8},
  pages     = {2008--2026},
  year      = {2018},
  publisher = {IEEE}
}