@inproceedings{wang2018meta,
  title={Meta-learning MCMC proposals},
  author={Wang, Tongzhou and Wu, Yi and Moore, Dave and Russell, Stuart J},
  booktitle={Advances in neural information processing systems},
  pages={4146--4156},
  year={2018}
}
@inproceedings{le2017inference,
  title={Inference compilation and universal probabilistic programming},
  author={Le, Tuan Anh and Baydin, Atilim Gunes and Wood, Frank},
  booktitle={Artificial Intelligence and Statistics},
  pages={1338--1348},
  year={2017},
  organization={PMLR}
}
@inproceedings{titsias2019gradient,
    title={Gradient-based Adaptive Markov Chain Monte Carlo},
    author={Titsias, Michalis and Dellaportas, Petros},
    booktitle={Advances in Neural Information Processing Systems},
    pages={15730--15739},
    year={2019}
}
@article{neklyudov2018metropolis,
  title={Metropolis-hastings view on variational inference and adversarial training},
  author={Neklyudov, Kirill and Egorov, Evgenii and Shvechikov, Pavel and Vetrov, Dmitry},
  journal={arXiv preprint arXiv:1810.07151},
  year={2018}
}
@inproceedings{de2001variational,
  title={Variational mcmc},
  author={De Freitas, Nando and H{\o}jen-S{\o}rensen, Pedro and Jordan, Michael I and Russell, Stuart},
  booktitle={Proceedings of the Seventeenth conference on Uncertainty in artificial intelligence},
  pages={120--127},
  year={2001},
  organization={Morgan Kaufmann Publishers Inc.}
}
@inproceedings{tehrani2020bean,
  title={Bean Machine: A Declarative Probabilistic Programming Language For Efficient Programmable Inference},
  author={Tehrani, Nazanin and Arora, Nimar S and Li, Yucen Lily and Shah, Kinjal Divesh and Noursi, David and Tingley, Michael and Torabi, Narjes and Masouleh, Sepehr and Lippert, Eric and Meijer, Erik and others},
  booktitle={The 10th International Conference on Probabilistic Graphical Models},
  year={2020}
}