@article{chaloner1984optimal,
  title={Optimal Bayesian experimental design for linear models},
  author={Chaloner, Kathryn and others},
  journal={The Annals of Statistics},
  volume={12},
  number={1},
  pages={283--300},
  year={1984},
  publisher={Institute of Mathematical Statistics}
}
@inproceedings{singh2018approximate,
  title={Approximate positive correlated distributions and approximation algorithms for d-optimal design},
  author={Singh, Mohit and Xie, Weijun},
  booktitle={Proceedings of the Twenty-Ninth Annual ACM-SIAM Symposium on Discrete Algorithms},
  pages={2240--2255},
  year={2018},
  organization={Society for Industrial and Applied Mathematics}
}
@inproceedings{mariet2017elementary,
  title={Elementary symmetric polynomials for optimal experimental design},
  author={Mariet, Zelda E and Sra, Suvrit},
  booktitle={Advances in Neural Information Processing Systems},
  pages={2139--2148},
  year={2017}
}
@article{bouhtou2010submodularity,
  title={Submodularity and randomized rounding techniques for optimal experimental design},
  author={Bouhtou, Mustapha and Gaubert, Stephane and Sagnol, Guillaume},
  journal={Electronic Notes in Discrete Mathematics},
  volume={36},
  pages={679--686},
  year={2010},
  publisher={Elsevier}
}
@incollection{flournoy1993clinical,
  title={A clinical experiment in bone marrow transplantation: Estimating a percentage point of a quantal response curve},
  author={Flournoy, Nancy},
  booktitle={case studies in Bayesian Statistics},
  pages={324--336},
  year={1993},
  publisher={Springer}
}
@article{terejanu2012bayesian,
  title={Bayesian experimental design for the active nitridation of graphite by atomic nitrogen},
  author={Terejanu, Gabriel and Upadhyay, Rochan R and Miki, Kenji},
  journal={Experimental Thermal and Fluid Science},
  volume={36},
  pages={178--193},
  year={2012},
  publisher={Elsevier}
}
@incollection{berry2002adaptive,
  title={Adaptive Bayesian designs for dose-ranging drug trials},
  author={Berry, Donald A and Mueller, Peter and Grieve, Andy P and Smith, Michael and Parke, Tom and Blazek, Richard and Mitchard, Neil and Krams, Michael},
  booktitle={Case studies in Bayesian statistics},
  pages={99--181},
  year={2002},
  publisher={Springer}
}


@InProceedings{pmlr-v70-allen-zhu17e,
  title = 	 {Near-Optimal Design of Experiments via Regret Minimization},
  author = 	 {Zeyuan Allen-Zhu and Yuanzhi Li and Aarti Singh and Yining Wang},
  booktitle = 	 {Proceedings of the 34th International Conference on Machine Learning},
  pages = 	 {126--135},
  year = 	 {2017},
}


@inproceedings{Nikolov:2019,
 author = {Nikolov, Aleksandar and Singh, Mohit and Tantipongpipat, Uthaipon Tao},
 title = {Proportional Volume Sampling and Approximation Algorithms for A-optimal Design},
 booktitle = {Proceedings of the Thirtieth Annual ACM-SIAM Symposium on Discrete Algorithms},
 year = {2019},
 pages = {1369--1386},
} 


@InProceedings{pmlr-v99-madan19a,
  title = 	 {Combinatorial Algorithms for Optimal Design},
  author = 	 {Madan, Vivek and Singh, Mohit and Tantipongpipat, Uthaipon and Xie, Weijun},
  booktitle = 	 {Proceedings of the Thirty-Second Conference on Learning Theory},
  pages = 	 {2210--2258},
  year = 	 {2019},
}