@book{asmussen2010ruin,
  title     = {Ruin probabilities},
  author    = {Asmussen, Soren and Albrecher, Hansjorg},
  volume    = {14},
  year      = {2010},
  publisher = {World scientific}
}

@article{asmussen2017tail,
  title   = {Tail asymptotics of light-tailed Weibull-like sums},
  author  = {Asmussen, S{\o}ren and Hashorva, Enkelejd and Laub, Patrick J and Taimre, Thomas},
  journal = {Probability and Mathematical Statistics},
  volume  = {37},
  number  = {2},
  pages   = {235--256},
  year    = {2017}
}

@inproceedings{baydin2019etalumis,
  title     = {Etalumis: Bringing probabilistic programming to scientific simulators at scale},
  author    = {Baydin, Atilim G{\"u}ne{\c{s}} and Shao, Lei and Bhimji, Wahid and Heinrich, Lukas and Meadows, Lawrence and Liu, Jialin and Munk, Andreas and Naderiparizi, Saeid and Gram-Hansen, Bradley and Louppe, Gilles and others},
  booktitle = {Proceedings of the international conference for high performance computing, networking, storage and analysis},
  pages     = {1--24},
  year      = {2019}
}

@article{bernstein2019static,
  title   = {Static analysis for probabilistic programs},
  author  = {Bernstein, Ryan},
  journal = {arXiv preprint arXiv:1909.05076},
  year    = {2019}
}
@article{bingham2019pyro,
  title     = {Pyro: Deep universal probabilistic programming},
  author    = {Bingham, Eli and Chen, Jonathan P and Jankowiak, Martin and Obermeyer, Fritz and Pradhan, Neeraj and Karaletsos, Theofanis and Singh, Rohit and Szerlip, Paul and Horsfall, Paul and Goodman, Noah D},
  journal   = {The Journal of Machine Learning Research},
  volume    = {20},
  number    = {1},
  pages     = {973--978},
  year      = {2019},
  publisher = {JMLR}
}
@article{buraczewski2016stochastic,
  title={Stochastic models with power-law tails},
  author={Buraczewski, Dariusz and Damek, Ewa and Mikosch, Thomas and others},
  journal={Springer Ser. Oper. Res. Financ. Eng., Springer, Cham},
  volume={10},
  pages={978--3},
  year={2016},
  publisher={Springer}
}
@article{carpenter2017stan,
  title     = {Stan: A probabilistic programming language},
  author    = {Carpenter, Bob and Gelman, Andrew and Hoffman, Matthew D and Lee, Daniel and Goodrich, Ben and Betancourt, Michael and Brubaker, Marcus and Guo, Jiqiang and Li, Peter and Riddell, Allen},
  journal   = {Journal of statistical software},
  volume    = {76},
  number    = {1},
  year      = {2017},
  publisher = {Columbia Univ., New York, NY (United States); Harvard Univ., Cambridge, MA~â€¦}
}
@article{cho2019disintegration,
  title={Disintegration and Bayesian inversion via string diagrams},
  author={Cho, Kenta and Jacobs, Bart},
  journal={Mathematical Structures in Computer Science},
  volume={29},
  number={7},
  pages={938--971},
  year={2019},
  publisher={Cambridge University Press}
}

@inproceedings{claret2013bayesian,
  title     = {Bayesian inference using data flow analysis},
  author    = {Claret, Guillaume and Rajamani, Sriram K and Nori, Aditya V and Gordon, Andrew D and Borgstr{\"o}m, Johannes},
  booktitle = {Proceedings of the 2013 9th Joint Meeting on Foundations of Software Engineering},
  pages     = {92--102},
  year      = {2013}
}
@article{clauset2009power,
  title={Power-law distributions in empirical data},
  author={Clauset, Aaron and Shalizi, Cosma Rohilla and Newman, Mark EJ},
  journal={SIAM review},
  volume={51},
  number={4},
  pages={661--703},
  year={2009},
  publisher={SIAM}
}
@article{de2017programming,
  title     = {Programming with models: writing statistical algorithms for general model structures with NIMBLE},
  author    = {de Valpine, Perry and Turek, Daniel and Paciorek, Christopher J and Anderson-Bergman, Clifford and Lang, Duncan Temple and Bodik, Rastislav},
  journal   = {Journal of Computational and Graphical Statistics},
  volume    = {26},
  number    = {2},
  pages     = {403--413},
  year      = {2017},
  publisher = {Taylor \& Francis}
}
@article{dillon2017tensorflow,
  title   = {Tensorflow distributions},
  author  = {Dillon, Joshua V and Langmore, Ian and Tran, Dustin and Brevdo, Eugene and Vasudevan, Srinivas and Moore, Dave and Patton, Brian and Alemi, Alex and Hoffman, Matt and Saurous, Rif A},
  journal = {arXiv preprint arXiv:1711.10604},
  year    = {2017}
}

@article{durkan2018sequential,
  title={Sequential neural methods for likelihood-free inference},
  author={Durkan, Conor and Papamakarios, George and Murray, Iain},
  journal={arXiv preprint arXiv:1811.08723},
  year={2018}
}
 @article{durkan2019neural,
  title   = {Neural spline flows},
  author  = {Durkan, Conor and Bekasov, Artur and Murray, Iain and Papamakarios, George},
  journal = {Advances in neural information processing systems},
  volume  = {32},
  year    = {2019}
} 
 @article{eslami2016attend,
  title   = {Attend, infer, repeat: Fast scene understanding with generative models},
  author  = {Eslami, SM and Heess, Nicolas and Weber, Theophane and Tassa, Yuval and Szepesvari, David and Hinton, Geoffrey E and others},
  journal = {Advances in Neural Information Processing Systems},
  volume  = {29},
  year    = {2016}
}
@misc{ftvi,
  doi       = {10.48550/ARXIV.2205.07918},
  url       = {https://arxiv.org/abs/2205.07918},
  author    = {Liang, Feynman and Hodgkinson, Liam and Mahoney, Michael W.},
  keywords  = {Machine Learning (stat.ML), Machine Learning (cs.LG), FOS: Computer and information sciences, FOS: Computer and information sciences},
  title     = {Fat-Tailed Variational Inference with Anisotropic Tail Adaptive Flows},
  publisher = {arXiv},
  year      = {2022},
  copyright = {arXiv.org perpetual, non-exclusive license}
}
@article{goldie1998subexponential,
  title     = {Subexponential distributions},
  author    = {Goldie, Charles M and Kl{\"u}ppelberg, Claudia},
  journal   = {A practical guide to heavy tails: statistical techniques and applications},
  pages     = {435--459},
  year      = {1998},
  publisher = {Birkh{\"a}user Boston}
}
@article{goodman2012church,
  title   = {Church: a language for generative models},
  author  = {Goodman, Noah and Mansinghka, Vikash and Roy, Daniel M and Bonawitz, Keith and Tenenbaum, Joshua B},
  journal = {arXiv preprint arXiv:1206.3255},
  year    = {2012}
}
@article{gulisashvili2016tail,
  title     = {Tail behavior of sums and differences of log-normal random variables},
  author    = {Gulisashvili, Archil and Tankov, Peter},
  journal   = {Bernoulli},
  volume    = {22},
  number    = {1},
  pages     = {444--493},
  year      = {2016},
  publisher = {Bernoulli Society for Mathematical Statistics and Probability}
}

@inproceedings{gurbuzbalaban2021heavy,
  title={The heavy-tail phenomenon in SGD},
  author={Gurbuzbalaban, Mert and Simsekli, Umut and Zhu, Lingjiong},
  booktitle={International Conference on Machine Learning},
  pages={3964--3975},
  year={2021},
  organization={PMLR}
}
@article{gupta2007proportional,
  title={Proportional reversed hazard rate model and its applications},
  author={Gupta, Ramesh C and Gupta, Rameshwar D},
  journal={Journal of Statistical Planning and Inference},
  volume={137},
  number={11},
  pages={3525--3536},
  year={2007},
  publisher={Elsevier}
}

@article{gupta2008analyzing,
  title     = {Analyzing skewed data by power normal model},
  author    = {Gupta, Rameshwar D and Gupta, Ramesh C},
  journal   = {Test},
  volume    = {17},
  number    = {1},
  pages     = {197--210},
  year      = {2008},
  publisher = {Springer}
}

@inproceedings{hodgkinson2021multiplicative,
  title={Multiplicative noise and heavy tails in stochastic optimization},
  author={Hodgkinson, Liam and Mahoney, Michael},
  booktitle={International Conference on Machine Learning},
  pages={4262--4274},
  year={2021},
  organization={PMLR}
}
@article{hoffman2018autoconj,
  title   = {Autoconj: recognizing and exploiting conjugacy without a domain-specific language},
  author  = {Hoffman, Matthew D and Johnson, Matthew J and Tran, Dustin},
  journal = {Advances in Neural Information Processing Systems},
  volume  = {31},
  year    = {2018}
}
@inproceedings{jaini2020tails,
  title        = {Tails of lipschitz triangular flows},
  author       = {Jaini, Priyank and Kobyzev, Ivan and Yu, Yaoliang and Brubaker, Marcus},
  booktitle    = {International Conference on Machine Learning},
  pages        = {4673--4681},
  year         = {2020},
  organization = {PMLR}
}
@inproceedings{jones1989probabilistic,
  title        = {A probabilistic powerdomain of evaluations},
  author       = {Jones, Claire and Plotkin, Gordon D},
  booktitle    = {Proceedings. Fourth Annual Symposium on Logic in Computer Science},
  pages        = {186--187},
  year         = {1989},
  organization = {IEEE Computer Society}
}
@article{kasahara1978tauberian,
  title     = {Tauberian theorems of exponential type},
  author    = {Kasahara, Yuji},
  journal   = {Journal of Mathematics of Kyoto University},
  volume    = {18},
  pages     = {209--219},
  year      = {1978},
  publisher = {Duke University Press}
}
@inproceedings{kozen1979semantics,
  title        = {Semantics of probabilistic programs},
  author       = {Kozen, Dexter},
  booktitle    = {20th Annual Symposium on Foundations of Computer Science (sfcs 1979)},
  pages        = {101--114},
  year         = {1979},
  organization = {IEEE}
}
@article{kucukelbir2017automatic,
  title   = {Automatic differentiation variational inference},
  author  = {Kucukelbir, Alp and Tran, Dustin and Ranganath, Rajesh and Gelman, Andrew and Blei, David M},
  journal = {Journal of machine learning research},
  year    = {2017}
}
@book{ledoux2001concentration,
  title     = {The concentration of measure phenomenon},
  author    = {Ledoux, Michel},
  year      = {2001},
  publisher = {American Mathematical Soc.}
}
@article{lee2019towards,
  title     = {Towards verified stochastic variational inference for probabilistic programs},
  author    = {Lee, Wonyeol and Yu, Hangyeol and Rival, Xavier and Yang, Hongseok},
  journal   = {Proceedings of the ACM on Programming Languages},
  volume    = {4},
  number    = {POPL},
  pages     = {1--33},
  year      = {2019},
  publisher = {ACM New York, NY, USA}
}
@misc{mikosch,
  title  = {Regular Variation Subexponentiality and Their Applications in Probability Theory},
  url    = {https://www.eurandom.tue.nl/reports/1999/013-report.pdf},
  author = {Mikosch, T},
  year   = {1999}
}
@article{milch2010extending,
  title   = {Extending Bayesian networks to the open-universe case},
  author  = {Milch, Brian and Russell, Stuart},
  journal = {Heuristics, Probability and Causality: A Tribute to Judea Pearl. College Publications},
  year    = {2010}
}
@article{minka2018trueskill,
  title   = {Trueskill 2: An improved bayesian skill rating system},
  author  = {Minka, Tom and Cleven, Ryan and Zaykov, Yordan},
  journal = {Technical Report},
  year    = {2018}
}
@inproceedings{mnih2014neural,
  title        = {Neural variational inference and learning in belief networks},
  author       = {Mnih, Andriy and Gregor, Karol},
  booktitle    = {International Conference on Machine Learning},
  pages        = {1791--1799},
  year         = {2014},
  organization = {PMLR}
}
@article{murray2018automated,
  title     = {Automated learning with a probabilistic programming language: Birch},
  author    = {Murray, Lawrence M and Sch{\"o}n, Thomas B},
  journal   = {Annual Reviews in Control},
  volume    = {46},
  pages     = {29--43},
  year      = {2018},
  publisher = {Elsevier}
}
@inproceedings{nori2014r2,
  title     = {R2: An efficient MCMC sampler for probabilistic programs},
  author    = {Nori, Aditya and Hur, Chung-Kil and Rajamani, Sriram and Samuel, Selva},
  booktitle = {Proceedings of the AAAI Conference on Artificial Intelligence},
  volume    = {28},
  year      = {2014}
}
@article{papamakarios2021normalizing,
  title   = {Normalizing flows for probabilistic modeling and inference},
  author  = {Papamakarios, George and Nalisnick, Eric and Rezende, Danilo Jimenez and Mohamed, Shakir and Lakshminarayanan, Balaji},
  journal = {Journal of Machine Learning Research},
  volume  = {22},
  number  = {57},
  pages   = {1--64},
  year    = {2021}
}
@article{paszke2019pytorch,
  title   = {Pytorch: An imperative style, high-performance deep learning library},
  author  = {Paszke, Adam and Gross, Sam and Massa, Francisco and Lerer, Adam and Bradbury, James and Chanan, Gregory and Killeen, Trevor and Lin, Zeming and Gimelshein, Natalia and Antiga, Luca and others},
  journal = {Advances in neural information processing systems},
  volume  = {32},
  year    = {2019}
}

@article{roberts1996exponential,
  title     = {Exponential convergence of Langevin distributions and their discrete approximations},
  author    = {Roberts, Gareth O and Tweedie, Richard L},
  journal   = {Bernoulli},
  pages     = {341--363},
  year      = {1996},
  publisher = {JSTOR}
}

@inproceedings{rosen1988global,
  title     = {Global value numbers and redundant computations},
  author    = {Rosen, Barry K and Wegman, Mark N and Zadeck, F Kenneth},
  booktitle = {Proceedings of the 15th ACM SIGPLAN-SIGACT symposium on Principles of programming languages},
  pages     = {12--27},
  year      = {1988}
}

@article{salvatier2016pymc3,
  title   = {PyMC3: Python probabilistic programming framework},
  author  = {Salvatier, John and Wiecki{\^a}, Thomas V and Fonnesbeck, Christopher},
  journal = {Astrophysics Source Code Library},
  pages   = {ascl--1610},
  year    = {2016}
}

@inproceedings{sankaranarayanan2013static,
  title     = {Static analysis for probabilistic programs: inferring whole program properties from finitely many paths},
  author    = {Sankaranarayanan, Sriram and Chakarov, Aleksandar and Gulwani, Sumit},
  booktitle = {Proceedings of the 34th ACM SIGPLAN conference on Programming language design and implementation},
  pages     = {447--458},
  year      = {2013}
}

@article{schulman2015gradient,
  title   = {Gradient estimation using stochastic computation graphs},
  author  = {Schulman, John and Heess, Nicolas and Weber, Theophane and Abbeel, Pieter},
  journal = {Advances in Neural Information Processing Systems},
  volume  = {28},
  year    = {2015}
}

@inproceedings{shan2017exact,
  title={Exact Bayesian inference by symbolic disintegration},
  author={Shan, Chung-chieh and Ramsey, Norman},
  booktitle={Proceedings of the 44th ACM SIGPLAN Symposium on Principles of Programming Languages},
  pages={130--144},
  year={2017}
}

@inproceedings{siddharth2017learning,
  title     = {Learning Disentangled Representations with Semi-Supervised Deep Generative Models},
  author    = {Siddharth, N. and Paige, Brooks and van de Meent, Jan-Willem and Desmaison, Alban and Goodman, Noah D. and Kohli, Pushmeet and Wood,
               Frank and Torr, Philip},
  booktitle = {Advances in Neural Information Processing Systems 30},
  editor    = {I. Guyon and U. V. Luxburg and S. Bengio and H. Wallach and R. Fergus and S. Vishwanathan and R. Garnett},
  pages     = {5927--5937},
  year      = {2017},
  publisher = {Curran Associates, Inc.},
  url       = {http://papers.nips.cc/paper/7174-learning-disentangled-representations-with-semi-supervised-deep-generative-models.pdf}
}

@inproceedings{simsekli2019tail,
  title={A tail-index analysis of stochastic gradient noise in deep neural networks},
  author={Simsekli, Umut and Sagun, Levent and Gurbuzbalaban, Mert},
  booktitle={International Conference on Machine Learning},
  pages={5827--5837},
  year={2019},
  organization={PMLR}
}

@article{spiegelhalter1996bugs,
  title   = {BUGS 0.5: Bayesian inference using Gibbs sampling manual (version ii)},
  author  = {Spiegelhalter, David and Thomas, Andrew and Best, Nicky and Gilks, Wally},
  journal = {MRC Biostatistics Unit, Institute of Public Health, Cambridge, UK},
  pages   = {1--59},
  year    = {1996}
}

@inproceedings{stites2021learning,
  title        = {Learning proposals for probabilistic programs with inference combinators},
  author       = {Stites, Sam and Zimmermann, Heiko and Wu, Hao and Sennesh, Eli and van de Meent, Jan-Willem},
  booktitle    = {Uncertainty in Artificial Intelligence},
  pages        = {1056--1066},
  year         = {2021},
  organization = {PMLR}
}

@article{tajvidi2003confidence,
  title     = {Confidence intervals and accuracy estimation for heavy-tailed generalized Pareto distributions},
  author    = {Tajvidi, Nader},
  journal   = {Extremes},
  volume    = {6},
  number    = {2},
  pages     = {111--123},
  year      = {2003},
  publisher = {Springer}
}

@inproceedings{tehrani2020bean,
  title        = {Bean machine: A declarative probabilistic programming language for efficient programmable inference},
  author       = {Tehrani, Nazanin and Arora, Nimar S and Li, Yucen Lily and Shah, Kinjal Divesh and Noursi, David and Tingley, Michael and Torabi, Narjes and Lippert, Eric and Meijer, Erik and others},
  booktitle    = {International Conference on Probabilistic Graphical Models},
  year         = {2020},
  organization = {PMLR}
}

@article{tran2018simple,
  title   = {Simple, distributed, and accelerated probabilistic programming},
  author  = {Tran, Dustin and Hoffman, Matthew W and Moore, Dave and Suter, Christopher and Vasudevan, Srinivas and Radul, Alexey},
  journal = {Advances in Neural Information Processing Systems},
  volume  = {31},
  year    = {2018}
}
@article{vehtari2015pareto,
  title   = {Pareto smoothed importance sampling},
  author  = {Vehtari, Aki and Simpson, Daniel and Gelman, Andrew and Yao, Yuling and Gabry, Jonah},
  journal = {arXiv preprint arXiv:1507.02646},
  year    = {2015}
}
@article{wang2018pmaf,
  title     = {PMAF: an algebraic framework for static analysis of probabilistic programs},
  author    = {Wang, Di and Hoffmann, Jan and Reps, Thomas},
  journal   = {ACM SIGPLAN Notices},
  volume    = {53},
  number    = {4},
  pages     = {513--528},
  year      = {2018},
  publisher = {ACM New York, NY, USA}
}
@article{wang2018variational,
  title   = {Variational inference with tail-adaptive f-divergence},
  author  = {Wang, Dilin and Liu, Hao and Liu, Qiang},
  journal = {Advances in Neural Information Processing Systems},
  volume  = {31},
  year    = {2018}
}
@conference{webb2019aml,
  title     = {Improving automated variational inference with normalizing flows},
  author    = {Webb, Stefan and Chen, Jonathan P. and Jankowiak, Matrin  and Goodman, Noah},
  booktitle = {ICML Workshop on Automated Machine Learning},
  year      = {2019}
}
@inproceedings{wingate2011lightweight,
  title        = {Lightweight implementations of probabilistic programming languages via transformational compilation},
  author       = {Wingate, David and Stuhlm{\"u}ller, Andreas and Goodman, Noah},
  booktitle    = {Proceedings of the Fourteenth International Conference on Artificial Intelligence and Statistics},
  pages        = {770--778},
  year         = {2011},
  organization = {JMLR Workshop and Conference Proceedings}
}
@inproceedings{xu2020advancedhmc,
  title        = {AdvancedHMC. jl: A robust, modular and efficient implementation of advanced HMC algorithms},
  author       = {Xu, Kai and Ge, Hong and Tebbutt, Will and Tarek, Mohamed and Trapp, Martin and Ghahramani, Zoubin},
  booktitle    = {Symposium on Advances in Approximate Bayesian Inference},
  pages        = {1--10},
  year         = {2020},
  organization = {PMLR}
}
@inproceedings{yao2018yes,
  title        = {Yes, but did it work?: Evaluating variational inference},
  author       = {Yao, Yuling and Vehtari, Aki and Simpson, Daniel and Gelman, Andrew},
  booktitle    = {International Conference on Machine Learning},
  pages        = {5581--5590},
  year         = {2018},
  organization = {PMLR}
}
@article{zhang2009new,
  title     = {A new and efficient estimation method for the generalized Pareto distribution},
  author    = {Zhang, Jin and Stephens, Michael A},
  journal   = {Technometrics},
  volume    = {51},
  number    = {3},
  pages     = {316--325},
  year      = {2009},
  publisher = {Taylor \& Francis}
}
@article{girolami2011riemann,
  title={Riemann manifold langevin and hamiltonian monte carlo methods},
  author={Girolami, Mark and Calderhead, Ben},
  journal={Journal of the Royal Statistical Society: Series B (Statistical Methodology)},
  volume={73},
  number={2},
  pages={123--214},
  year={2011},
  publisher={Wiley Online Library}
}
@article{hoffman2019neutra,
  title={Neutra-lizing bad geometry in hamiltonian monte carlo using neural transport},
  author={Hoffman, Matthew and Sountsov, Pavel and Dillon, Joshua V and Langmore, Ian and Tran, Dustin and Vasudevan, Srinivas},
  journal={arXiv preprint arXiv:1903.03704},
  year={2019}
}
@inproceedings{tolpin2016design,
  title={Design and implementation of probabilistic programming language anglican},
  author={Tolpin, David and van de Meent, Jan-Willem and Yang, Hongseok and Wood, Frank},
  booktitle={Proceedings of the 28th Symposium on the Implementation and Application of Functional programming Languages},
  pages={1--12},
  year={2016}
}
@book{koller2009probabilistic,
  title={Probabilistic graphical models: principles and techniques},
  author={Koller, Daphne and Friedman, Nir},
  year={2009},
  publisher={MIT press}
}
@article{burda2015importance,
  title={Importance weighted autoencoders},
  author={Burda, Yuri and Grosse, Roger and Salakhutdinov, Ruslan},
  journal={arXiv preprint arXiv:1509.00519},
  year={2015}
}
@article{dhariwal2021diffusion,
  title={Diffusion models beat gans on image synthesis},
  author={Dhariwal, Prafulla and Nichol, Alexander},
  journal={Advances in Neural Information Processing Systems},
  volume={34},
  year={2021}
}

@book{watson1995treatise,
  title={A treatise on the theory of {B}essel functions},
  author={Watson, George Neville},
  year={1995},
  publisher={Cambridge university press}
}

@book{mathai2009h,
  title={The $H$-function: theory and applications},
  author={Mathai, Arakaparampil M and Saxena, Ram Kishore and Haubold, Hans J},
  year={2009},
  publisher={Springer Science \& Business Media}
}

@misc{NIST:DLMF,
         key = "{\relax DLMF}",
       title = "{\it NIST Digital Library of Mathematical Functions}",
howpublished = "http://dlmf.nist.gov/, Release 1.1.5 of 2022-03-15",
         url = "http://dlmf.nist.gov/",
        note = "F.~W.~J. Olver, A.~B. {Olde Daalhuis}, D.~W. Lozier, B.~I. Schneider,
                R.~F. Boisvert, C.~W. Clark, B.~R. Miller, B.~V. Saunders,
                H.~S. Cohl, and M.~A. McClain, eds."}

@article{kingma2014adam,
  title={Adam: A method for stochastic optimization},
  author={Kingma, Diederik P and Ba, Jimmy},
  journal={arXiv preprint arXiv:1412.6980},
  year={2014}
}