@article{brooks1998general,
  title   = {General methods for monitoring convergence of iterative simulations},
  author  = {Brooks et. al.},
  journal = {Journal of computational and graphical statistics},
  year    = {1998}
}
@article{harvey2019attention,
  title   = {Attention for Inference Compilation},
  author  = {Harvey et. al.},
  journal = {arXiv preprint arXiv:1910.11961},
  year    = {2019}
}
@inproceedings{le2017inference,
  title     = {Inference compilation and universal probabilistic programming},
  author    = {Le et. al.},
  booktitle = {AISTATS},
  year      = {2017}
}
@misc{pyprob2020,
  author       = {PyProb},
  year         = {2020},
  publisher    = {GitHub},
  journal      = {GitHub repository},
  howpublished = {\url{https://github.com/pyprob/pyprob}},
  commit       = {72190ef3f09326dfd85490b21e711d2c937e3e11}
}
@article{rubin1981estimation,
  title   = {Estimation in parallel randomized experiments},
  author  = {Rubin},
  journal = {Journal of Educational Statistics},
  year    = {1981}
}
@inproceedings{wingate2011lightweight,
  title     = {Lightweight implementations of probabilistic programming languages via transformational compilation},
  author    = {Wingate et. al.},
  booktitle = {AISTATS},
  year      = {2011}
}